@article{Abarbanel93,
	Author = {Henry D. I. Abarbanel and Reggie Brown and John J. Sidorowich and Lev {\relax Sh}. Tsimring},
	Date-Added = {2016-01-31 21:35:31 +0000},
	Date-Modified = {2016-01-31 21:40:09 +0000},
	Journal = {Reviews of Modern Physics},
	Pages = {1331--1392},
	Title = {The analysis of observed chaotic data in physical systems},
	Volume = {65},
	Year = {1993}}

@incollection{Takens81,
	Address = {Berlin, Germany},
	Author = {Floris Takens},
	Booktitle = {Dynamical Systems and Turbulence},
	Date-Added = {2016-01-30 21:22:31 +0000},
	Date-Modified = {2016-01-31 20:30:25 +0000},
	Editor = {D. A. Rand and L.-S. Young},
	Pages = {366--381},
	Publisher = {Springer Verlag},
	Title = {Detecting strange attractors in turbulence},
	Year = {1981}}

@article{Moscoso16,
	Author = {Ferm\'{\i}n {Moscoso del Prado Mart\'{\i}n}},
	Date-Added = {2016-01-18 01:29:34 +0000},
	Date-Modified = {2016-01-18 01:30:39 +0000},
	Journal = {Cognitive Science},
	Title = {Vocabulary, grammar, sex, and aging},
	Year = {in~press}}

@inproceedings{Moscoso14,
	Address = {Austin, TX},
	Author = {Ferm\'{\'\i}n {Moscoso del Prado Mart\'{\i}n}},
	Booktitle = {Proceedings of the 36th {A}nnual {C}onference of the {C}ognitive {S}cience {S}ociety},
	Date-Added = {2016-02-01 00:23:33 +0000},
	Date-Modified = {2016-02-01 00:23:33 +0000},
	Editor = {P. Bello and M. Guarini and M. McShane and B. Scasselatti},
	Pages = {2657--2662},
	Publisher = {Cognitive Science Society},
	Title = {Grammatical change begins within the word: Causal modeling of the co-evolution of {I}celandic morphology and syntax},
	Year = {2014}}

@book{MacWhinney00,
	Address = {Mahwah, NJ},
	Author = {Brian MacWhinney},
	Date-Added = {2016-01-31 00:52:15 +0000},
	Date-Modified = {2016-01-31 00:53:54 +0000},
	Edition = {3rd},
	Publisher = {Lawrence Erlbaum Associates},
	Title = {The {CHILDES} {P}roject: Tools for analyzing talk},
	Volume = {2: The database},
	Year = {2000}}

@article{Theakston01,
	Author = {A. L. Theakston and Elena V. M. Lieven and Julian M. Pine and C. F. Rowland},
	Date-Added = {2016-01-31 00:50:16 +0000},
	Date-Modified = {2016-02-02 00:43:54 +0000},
	Journal = {Journal of Child Language},
	Pages = {127--152},
	Title = {The role of performance limitations in the acquisition of verb-argument structure: an alternative account},
	Volume = {28},
	Year = {2001}}

@article{vanGeert91,
	Author = {Paul L. C. {van~Geert}},
	Date-Added = {2016-01-30 20:20:04 +0000},
	Date-Modified = {2016-01-30 20:43:39 +0000},
	Journal = {Psychological Review},
	Pages = {3--53},
	Title = {A dynamic systems model of cognitive and language growth},
	Volume = {98},
	Year = {1991}}

@article{Sugihara12,
	Author = {George Sugihara and Robert May and Hao Ye and {Chih-hao} Hsieh and Ethan R. Deyle and Michael Fogarty and Stephan Munch},
	Date-Added = {2016-01-18 01:06:04 +0000},
	Date-Modified = {2016-01-18 01:09:14 +0000},
	Journal = {Science},
	Pages = {496--500},
	Title = {Detecting causality in complex ecosystems},
	Volume = {338},
	Year = {2012}}

@article{Clark15,
	Author = {Adam Thomas Clark and Hao Ye and Forest Isbell and Ethan R. Deyle and Jane Cowles and G. David Tilman and George Sugihara},
	Date-Added = {2016-01-18 00:55:04 +0000},
	Date-Modified = {2016-01-18 00:57:46 +0000},
	Journal = {Ecology},
	Pages = {1174--1181},
	Title = {Spatial convergent cross mapping to detect causal relationships from short time series},
	Volume = {96},
	Year = {2015}}

@article{Benjamini01,
	Author = {Yoav Benjamini and Daniel Yekutieli},
	Date-Added = {2016-02-01 01:11:23 +0000},
	Date-Modified = {2016-02-01 01:15:20 +0000},
	Journal = {Annals of Statistics},
	Pages = {1165--1188},
	Title = {The control of the false discovery rate in multiple testing under dependency},
	Volume = {29},
	Year = {2001}}

@article{Sokolov93,
	Author = {Jeffrey L. Sokolov},
	Date-Added = {2016-01-18 04:36:20 +0000},
	Date-Modified = {2016-01-18 04:37:24 +0000},
	Journal = {Developmental Psychology},
	Pages = {1008--1023},
	Title = {A local contingency analysis of the fine-tuning hypothesis},
	Volume = {29},
	Year = {1993}}

@article{MacWhinney14,
	Author = {Brian MacWhinney},
	Date-Added = {2016-01-18 04:21:56 +0000},
	Date-Modified = {2016-01-18 04:23:10 +0000},
	Journal = {Journal of Child Language},
	Pages = {124--131},
	Title = {What we have learned},
	Volume = {41},
	Year = {2014}}

@incollection{Snow89,
	Address = {Hillsdale, NJ},
	Author = {Catherine E. Snow},
	Booktitle = {Interaction in human development},
	Date-Added = {2016-01-18 02:53:54 +0000},
	Date-Modified = {2016-01-18 02:57:09 +0000},
	Editor = {Marc H. Bornstein and Jerome S. Bruner},
	Pages = {83--103},
	Publisher = {Lawrence Erlbaum Associates},
	Series = {Crosscurrents in contemporary psychology},
	Title = {Understanding social interaction and language acquisition; sentences are not enough.},
	Year = {1989}}
